@Article{almgren97,
  author = 	 {A. S. Almgren and J. B. Bell and P. Colella and T. Marthaler},
  title = 	 {A Cartesian Grid Projection Method for the Incompressible Euler Equations in Complex Geometries},
  journal = 	 {SIAM J. Sci. Comp.},
  year = 	 1997,
  volume =	 18,
  number =	 5,
  pages =        {1289-1309},
  url =          {http://seesar.lbl.gov/ccse/Publications/almgren/abcm.sisc/paper.ps.gz},
  local_url =    {almgren.ps.gz}
}

@Article{almgren98,
  author = 	 {A. S. Almgren and J. B. Bell and P. Colella and L. H. Howell and M. L. Welcome},
  title = 	 {A Conservative Adaptive Projection Method for the Variable Density Incompressible Navier-Stokes Equations},
  journal = 	 {J. Comput. Phys.},
  year = 	 1998,
  volume =	 142,
  pages =	 {1-46},
  url =          {http://seesar.lbl.gov/ccse/Publications/almgren/abchw96/paper.ps.gz},
  local_url =    {almgren1.ps.gz}
}

@Book{bird87,
  author =	 {R. B. Bird and R. C. Armstrong and O. Hassager},
  title = 	 {Dynamics of polymeric liquids},
  publisher = 	 {Wiley-Interscience},
  year = 	 1987,
  edition =	 {second edition}
}

@PhdThesis{dupont,
  author = 	 {F. Dupont},
  title = 	 {Comparison of numerical methods for modelling ocean circulation in basins with irregular coasts},
  school = 	 {McGill University},
  year = 	 2001,
  address =	 {Montreal}
}

@Article{ghia82,
  author = 	 {U. Ghia, K.N. Ghia, C.T. Shin},
  title = 	 {High-{R}e solution for incompressible flow using the {N}avier-{S}tokes equations and the multigrid method},
  journal = 	 {J. Comput. Phys.},
  year = 	 1982,
  volume =	 48,
  pages =	 {387-411}
}

@Article{gueyffier98,
  author = 	 {D. Gueyffier and A. Nadim and J. Li and R. Scardovelli and S. Zaleski},
  title = 	 {Volume of fluid interface tracking with smoothed surface stress methods for three-dimensional flows},
  journal = 	 {J. Comp. Phys.},
  year = 	 1998,
  volume =	 152,
  pages =	 {423-456}
}

@Book{lamb,
  author =	 {H. Lamb},
  title = 	 {Hydrodynamics},
  publisher = 	 {Dover},
  year = 	 1932
}

@Article{leroux98,
  author = 	 {D. Y. Leroux and C. A. Lin},
  title = 	 {Finite elements for shallow-water equations ocean models},
  journal = 	 {Monthly Weather Review},
  year = 	 1998,
  volume =	 126,
  pages =	 {1931-1951}
}

@Article{lynch87,
  author = 	 {D. R. Lynch and F. E. Werner},
  title = 	 {3-{D} hydrodynamics on finite elements. {P}art I: linearized harmonic model},
  journal = 	 {Int. J. for Num. Methods in Fluids},
  year = 	 1987,
  number =	 7,
  pages =	 {871-909}
}

@Article{minion96,
  author = 	 {M. L. Minion},
  title = 	 {A Projection Method for Locally Refined Grids},
  journal = 	 {J. Comput. Phys.},
  volume =       127,
  pages =        {158-177},
  year = 	 1996,
  url =          {http://citeseer.nj.nec.com/minion96projection.html},
  local_url =    {minion96.ps.gz}
}

@Article{peraire86,
  author = 	 {J. Peraire and O. C. Zienkiewicz and K. Morgan},
  title = 	 {Shallow water problems: a general explicit formulation},
  journal = 	 {Int. J. for Num. Methods in Eng.},
  year = 	 1986,
  volume =	 22,
  pages =	 {547-574}
}

@Article{popinet2003,
  author = 	 {S. Popinet},
  title = 	 {Gerris: a tree-based adaptive solver for the incompressible Euler equations in complex geometries},
  journal = 	 {J. Comput. Phys.},
  year = 	 2003,
  volume =	 190,
  number =	 2,
  pages =	 {572-600},
  url =          {http://gfs.sf.net/gerris.pdf}
}

@Article{popinet99,
  author =       {S. Popinet and S. Zaleski},
  title =        {A front tracking algorithm for the accurate representation of surface tension},
  journal =      {Int. J. Numer. Meth. Fluids},
  volume =       30,
  pages =        {775-793},
  year =         1999
}

@Article{prosperetti81,
  author = 	 {A. Prosperetti},
  title = 	 {Motion of two superposed viscous fluids},
  journal = 	 {Phys. Fluids},
  year = 	 1981,
  volume =	 24,
  pages =	 {1217-1223}
}

@TechReport{rider95,
  author = 	 {W. J. Rider},
  title = 	 {Approximate projection methods for incompressible flows: Implementation, variants and robustness},
  institution =  {Los Alamos National Laboratory},
  year = 	 1995,
  number =	 {LA-UR-2000},
  local_url =    {rider95.ps.gz},
  url =          {http://www-xdiv.lanl.gov/XHM/personnel/wjr/Web_papers/proj/proj.ps.Z},
  pages=         {81-85}
}

@article{rudman97,
  title={Volume-tracking methods for interfacial flow calculations},
  author={Rudman, M.},
  journal={International Journal for Numerical Methods in Fluids},
  volume={24},
  number={7},
  pages={671--691},
  year={1997}
}

@TechReport{rutgers-waves,
  author = 	 {E. Curchitser},
  title = 	 {Waves in a circular basin},
  institution =  {Rutgers University},
  year = 	 2005,
  url =          {http://marine.rutgers.edu/po/index.php?model=test-problems&title=circle}
}

@Article{vola2004,
  author = 	 {D. Vola and F. Babik and J.-C Latch\'e},
  title = 	 {On a numerical strategy to compute gravity currents of non-Newtonian fluids},
  journal = 	 {J. Comput. Phys.},
  year = 	 2004,
  volume =	 201,
  number =	 2,
  pages =	 {397-420}
}
