@Article{lagree2011,
  author = 	 {P.-Y. Lagr\'ee and L. Staron and S. Popinet},
  title = 	 {The granular column collapse as a continuum: testing
                  the $\mu(I)$ rheology in a Navier-Stokes solver},
  journal = 	 {Journal of Fluid Mechanics},
  year = 	 2011,
  note = 	 {submitted}
}

@Article{staron2005,
  title   = {Study of the collapse of granular columns using
                  two-dimensional discrete-grain simulation},
  author  = {Staron, L. and Hinch, E. J.},
  journal = {Journal of Fluid Mechanics},
  volume  = {545},
  pages   = {1--27},
  issn    = {0022-1120},
  year    = {2005}
}
