@TechReport{rider95,
  author = 	 {W. J. Rider},
  title = 	 {Approximate projection methods for incompressible flows: Implementation, variants and robustness},
  institution =  {Los Alamos National Laboratory},
  year = 	 1995,
  number =	 {LA-UR-2000},
  local_url =    {rider95.ps.gz},
  url =          {http://www-xdiv.lanl.gov/XHM/personnel/wjr/Web_papers/proj/proj.ps.Z},
  pages=         {81-85}
}
